<?xml version="1.0" encoding="UTF-8"?><collection xmlns="http://www.loc.gov/MARC21/slim"><record><leader>00662nam--2200205-i-4500</leader><controlfield tag="001">000010886</controlfield><controlfield tag="002">20161230</controlfield><controlfield tag="005">20161230201029</controlfield><controlfield tag="008">060222s1000------------r-----000-0-rus-d</controlfield><datafield ind1=" " ind2=" " tag="040"><subfield code="a">IFIN-HH</subfield></datafield><datafield ind1=" " ind2=" " tag="041"><subfield code="a">rus</subfield></datafield><datafield ind1=" " ind2=" " tag="080"><subfield code="a">54(075.8:076)</subfield></datafield><datafield ind1="1" ind2=" " tag="100"><subfield code="a">Page, John A</subfield></datafield><datafield ind1="1" ind2="0" tag="245"><subfield code="a">Chimie, principii si experiente;</subfield><subfield code="b">Traducere din limba engleza de ing. valentina gluck</subfield><subfield code="c">John a. page; edward a. robinson; mary e. brereton</subfield></datafield><datafield ind1=" " ind2=" " tag="260"><subfield code="a">Bucuresti</subfield><subfield code="b">Editura Tehnica</subfield><subfield code="c">1973</subfield></datafield><datafield ind1=" " ind2=" " tag="300"><subfield code="a">324 P</subfield></datafield><datafield ind1=" " ind2=" " tag="500"><subfield code="a">Titlul original in limba engleza: CHEMISTRY; PRINCIPLES AND EXPERIMENTS</subfield></datafield><datafield ind1="1" ind2=" " tag="700"><subfield code="a">Brereton, Mary E</subfield></datafield><datafield ind1=" " ind2=" " tag="852"><subfield code="a">39888</subfield><subfield code="c">54</subfield></datafield><datafield ind1=" " ind2=" " tag="CAT"><subfield code="a">Sys</subfield><subfield code="c">20101217</subfield><subfield code="h">121613</subfield></datafield></record></collection>